<record><leader>00000cas a22000007a 4500</leader><controlfield tag="001">20501552</controlfield><controlfield tag="008">891017d19131914aruwr ne      0    0eng d</controlfield><datafield ind1=" " ind2=" " tag="010"><subfield code="a">sn 89051395 </subfield></datafield><datafield ind1=" " ind2=" " tag="040"><subfield code="a">ANU</subfield><subfield code="b">eng</subfield><subfield code="c">ANU</subfield><subfield code="d">OCLCQ</subfield></datafield><datafield ind1=" " ind2=" " tag="042"><subfield code="a">msc</subfield></datafield><datafield ind1="0" ind2=" " tag="130"><subfield code="a">Lonoke weekly Democrat (Lonoke, Ark. : 1913)</subfield></datafield><datafield ind1="1" ind2="0" tag="245"><subfield code="a">Lonoke weeky Democrat.</subfield></datafield><datafield ind1="1" ind2="3" tag="246"><subfield code="a">Lonoke Democrat</subfield></datafield><datafield ind1=" " ind2=" " tag="260"><subfield code="a">Lonoke, Lonoke County, Ark. :</subfield><subfield code="b">R.E. Bradford</subfield></datafield><datafield ind1=" " ind2=" " tag="300"><subfield code="a">v.</subfield></datafield><datafield ind1=" " ind2=" " tag="310"><subfield code="a">Weekly</subfield></datafield><datafield ind1="0" ind2=" " tag="362"><subfield code="a">Vol. 41, no. 43 (May 15, 1913)-v. 43, no. 19 (Nov. 26, 1914).</subfield></datafield><datafield ind1=" " ind2="4" tag="651"><subfield code="a">Lonoke (Ark.)</subfield><subfield code="v">Newspapers.</subfield></datafield><datafield ind1=" " ind2=" " tag="752"><subfield code="a">United States</subfield><subfield code="b">Arkansas</subfield><subfield code="c">Lonoke</subfield><subfield code="d">Lonoke.</subfield></datafield><datafield ind1="0" ind2="0" tag="780"><subfield code="t">Lonoke Democrat (Lonoke, Ark. : 1908)</subfield><subfield code="w">(DLC)sn 89051396</subfield></datafield><datafield ind1="0" ind2="0" tag="785"><subfield code="t">Lonoke Democrat (Lonoke, Ark. : 1914)</subfield><subfield code="w">(DLC)sn 89051397</subfield></datafield></record>